@inproceedings{DBLP:conf/eacl/ShinzatoDXLFD17,
  author    = {Keiji Shinzato and
               Pradipto Das and
               Yandi Xia and
               Aaron Levine and
               Giuseppe Di Fabbrizio and
               Ankur Datta},
  title     = {Large-Scale Categorization of Japanese Product Titles Using Neural
               Attention Models},
  booktitle = {Proceedings of the 15th Conference of the European Chapter of the
               Association for Computational Linguistics, {EACL} 2017, Valencia,
               Spain, April 3-7, 2017, Volume 2: Short Papers},
  pages     = {663--668},
  year      = {2017},
 url       = {http://aclanthology.info/papers/E17-2105/large-scale-categorization-of-japanese-product-titles-using-neural-attention-models},
  timestamp = {Wed, 09 Aug 2017 16:01:53 +0200},
  biburl    = {http://dblp.uni-trier.de/rec/bib/conf/eacl/ShinzatoDXLFD17},
  bibsource = {dblp computer science bibliography, http://dblp.org}
}

@article{DBLP:journals/ijon/ShenRMS12,
  author    = {Dan Shen and
               Jean{-}David Ruvini and
               Rajyashree Mukherjee and
               Neel Sundaresan},
  title     = {A study of smoothing algorithms for item categorization on e-commerce
               sites},
  journal   = {Neurocomputing},
  volume    = {92},
  pages     = {54--60},
  year      = {2012},
  url       = {https://doi.org/10.1016/j.neucom.2011.08.035},
  doi       = {10.1016/j.neucom.2011.08.035},
  timestamp = {Sat, 20 May 2017 00:25:04 +0200},
  biburl    = {http://dblp.uni-trier.de/rec/bib/journals/ijon/ShenRMS12},
  bibsource = {dblp computer science bibliography, http://dblp.org}
}

@inproceedings{DBLP:conf/cikm/ShenRS12,
  author    = {Dan Shen and
               Jean{-}David Ruvini and
               Badrul Sarwar},
  title     = {Large-scale item categorization for e-commerce},
  booktitle = {21st {ACM} International Conference on Information and Knowledge Management,
               CIKM'12, Maui, HI, USA, October 29 - November 02, 2012},
  pages     = {595--604},
  year      = {2012},
  url       = {http://doi.acm.org/10.1145/2396761.2396838},
  doi       = {10.1145/2396761.2396838},
  timestamp = {Fri, 08 Jul 2016 07:22:53 +0200},
  biburl    = {http://dblp.uni-trier.de/rec/bib/conf/cikm/ShenRS12},
  bibsource = {dblp computer science bibliography, http://dblp.org}
}

@inproceedings{DBLP:conf/kdd/HaPK16,
  author    = {JungWoo Ha and
               Hyuna Pyo and
               Jeonghee Kim},
  title     = {Large-Scale Item Categorization in e-Commerce Using Multiple Recurrent
               Neural Networks},
  booktitle = {Proceedings of the 22nd {ACM} {SIGKDD} International Conference on
               Knowledge Discovery and Data Mining, San Francisco, CA, USA, August
               13-17, 2016},
  pages     = {107--115},
  year      = {2016},
  url       = {http://doi.acm.org/10.1145/2939672.2939678},
  doi       = {10.1145/2939672.2939678},
  timestamp = {Tue, 15 Aug 2017 18:11:49 +0200},
  biburl    = {http://dblp.uni-trier.de/rec/bib/conf/kdd/HaPK16},
  bibsource = {dblp computer science bibliography, http://dblp.org}
}
@inproceedings{DBLP:conf/kdd/ChenG16,
  author    = {Tianqi Chen and
               Carlos Guestrin},
  title     = {XGBoost: {A} Scalable Tree Boosting System},
  booktitle = {Proceedings of the 22nd {ACM} {SIGKDD} International Conference on
               Knowledge Discovery and Data Mining, San Francisco, CA, USA, August
               13-17, 2016},
  pages     = {785--794},
  year      = {2016},
  url       = {http://doi.acm.org/10.1145/2939672.2939785},
  doi       = {10.1145/2939672.2939785},
  timestamp = {Tue, 15 Aug 2017 18:11:49 +0200},
  biburl    = {http://dblp.uni-trier.de/rec/bib/conf/kdd/ChenG16},
  bibsource = {dblp computer science bibliography, http://dblp.org}
}
@inproceedings{DBLP:conf/emnlp/PenningtonSM14,
  author    = {Jeffrey Pennington and
               Richard Socher and
               Christopher D. Manning},
  title     = {Glove: Global Vectors for Word Representation},
  booktitle = {Proceedings of the 2014 Conference on Empirical Methods in Natural
               Language Processing, {EMNLP} 2014, October 25-29, 2014, Doha, Qatar,
               {A} meeting of SIGDAT, a Special Interest Group of the {ACL}},
  pages     = {1532--1543},
  year      = {2014},
  crossref  = {DBLP:conf/emnlp/2014},
  url       = {http://aclweb.org/anthology/D/D14/D14-1162.pdf},
  timestamp = {Sat, 15 Nov 2014 14:45:18 +0100},
  biburl    = {http://dblp.uni-trier.de/rec/bib/conf/emnlp/PenningtonSM14},
  bibsource = {dblp computer science bibliography, http://dblp.org}
}
@inproceedings{DBLP:conf/icml/LeM14,
  author    = {Quoc V. Le and
               Tomas Mikolov},
  title     = {Distributed Representations of Sentences and Documents},
  booktitle = {Proceedings of the 31th International Conference on Machine Learning,
               {ICML} 2014, Beijing, China, 21-26 June 2014},
  pages     = {1188--1196},
  year      = {2014},
  crossref  = {DBLP:conf/icml/2014},
  url       = {http://jmlr.org/proceedings/papers/v32/le14.html},
  timestamp = {Wed, 29 Mar 2017 16:45:25 +0200},
  biburl    = {http://dblp.uni-trier.de/rec/bib/conf/icml/LeM14},
  bibsource = {dblp computer science bibliography, http://dblp.org}
}
@inproceedings{DBLP:conf/nips/MikolovSCCD13,
  author    = {Tomas Mikolov and
               Ilya Sutskever and
               Kai Chen and
               Gregory S. Corrado and
               Jeffrey Dean},
  title     = {Distributed Representations of Words and Phrases and their Compositionality},
  booktitle = {Advances in Neural Information Processing Systems 26: 27th Annual
               Conference on Neural Information Processing Systems 2013. Proceedings
               of a meeting held December 5-8, 2013, Lake Tahoe, Nevada, United States.},
  pages     = {3111--3119},
  year      = {2013},
  crossref  = {DBLP:conf/nips/2013},
  url       = {http://papers.nips.cc/paper/5021-distributed-representations-of-words-and-phrases-and-their-compositionality},
  timestamp = {Thu, 07 May 2015 20:02:01 +0200},
  biburl    = {http://dblp.uni-trier.de/rec/bib/conf/nips/MikolovSCCD13},
  bibsource = {dblp computer science bibliography, http://dblp.org}
}

@article{scikit-learn,
 title={Scikit-learn: Machine Learning in {P}ython},
 author={Pedregosa, F. and Varoquaux, G. and Gramfort, A. and Michel, V.
         and Thirion, B. and Grisel, O. and Blondel, M. and Prettenhofer, P.
         and Weiss, R. and Dubourg, V. and Vanderplas, J. and Passos, A. and
         Cournapeau, D. and Brucher, M. and Perrot, M. and Duchesnay, E.},
 journal={Journal of Machine Learning Research},
 volume={12},
 pages={2825--2830},
 year={2011}
}

@inproceedings{nguyen11,
  author    = {Tam T. Nguyen and
               Kuiyu Chang and
               Siu Cheung Hui},
  title     = {Supervised term weighting for sentiment analysis},
  booktitle = {2011 {IEEE} International Conference on Intelligence and Security
               Informatics, {ISI} 2011, Beijing, China, 10-12 July, 2011},
  pages     = {89--94},
  year      = {2011},
  crossref  = {DBLP:conf/isi/2011},
  url       = {https://doi.org/10.1109/ISI.2011.5984056},
  doi       = {10.1109/ISI.2011.5984056},
  timestamp = {Fri, 26 May 2017 00:49:31 +0200},
  biburl    = {http://dblp.uni-trier.de/rec/bib/conf/isi/NguyenCH11},
  bibsource = {dblp computer science bibliography, http://dblp.org}
}